@techreport{radford2019language,
  title={Language Models are Unsupervised Multitask Learners},
  author={Radford, Alec and Wu, Jeff and Child, Rewon and Luan, David and Amodei, Dario and Sutskever, Ilya},
  year={2019},
  institution={OpenAI},
  url={https://cdn.openai.com/better-language-models/language_models_are_unsupervised_multitask_learners.pdf},
}

@article{liu2019roberta,
    title = {RoBERTa: A Robustly Optimized BERT Pretraining Approach},
    author = {Yinhan Liu and Myle Ott and Naman Goyal and Jingfei Du and
              Mandar Joshi and Danqi Chen and Omer Levy and Mike Lewis and
              Luke Zettlemoyer and Veselin Stoyanov},
    journal={arXiv preprint arXiv:1907.11692},
    year = {2019},
}

@article {SimulatingDramaticNetworks,
      author = "Franco Moretti",
      title = "Simulating Dramatic Networks: Morphology, History, Literary Study",
      journal = "Journal of World Literature",
      year = "2020",
      publisher = "Brill",
      address = "Leiden, The Netherlands",
      volume = "6",
      number = "1",
      doi = "https://doi.org/10.1163/24056480-20201001",
      pages=      "24 - 44",
      url = "https://brill.com/view/journals/jwl/6/1/article-p24_2.xml"
}

@incollection{hastie_2012,
	address = {New York},
	booktitle = {Data-{Driven} {Methods} for {Adaptive} {Spoken} {Dialogue} {Systems}},
	publisher = {Springer},
	editor = {Lemon, Oliver and Pietquin, Olivier},
	year = {2012},
	author = {Hastie, Helen},
	title = {Metrics and Evaluation of Spoken Dialogue Systems},
}

@article{likert1932technique,
  title={A technique for the measurement of attitudes.},
  author={Likert, Rensis},
  journal={Archives of psychology},
  year={1932}
}

@article{barbieri2020tweeteval,
  title={TweetEval: Unified Benchmark and Comparative Evaluation for Tweet Classification},
  author={Barbieri, Francesco and Camacho-Collados, Jose and Neves, Leonardo and Espinosa-Anke, Luis},
  journal={arXiv preprint arXiv:2010.12421},
  year={2020}
}

@inproceedings{see-etal-2019-massively,
    title = "Do Massively Pretrained Language Models Make Better Storytellers?",
    author = "See, Abigail  and
      Pappu, Aneesh  and
      Saxena, Rohun  and
      Yerukola, Akhila  and
      Manning, Christopher D.",
    booktitle = "Proceedings of the 23rd Conference on Computational Natural Language Learning (CoNLL)",
    month = nov,
    year = "2019",
    address = "Hong Kong, China",
    publisher = "Association for Computational Linguistics",
    url = "https://www.aclweb.org/anthology/K19-1079",
    doi = "10.18653/v1/K19-1079",
    pages = "843--861"
}

@inproceedings{biblio5722014427800210013,
  author    = {Rudolf Rosa and Ondřej Dušek and Tom Kocmi and David Mareček and Tomáš Musil and Patrícia Schmidtová and Dominik Jurko and Ondřej Bojar and Daniel Hrbek and David Košťák and Martina Kinská and Josef Doležal and Klára Vosecká},
  year      = 2020,
  title     = {THEaiTRE: Artificial Intelligence to Write a Theatre Play},
  booktitle = {Proceedings of AI4Narratives — Workshop on Artificial Intelligence for Narratives},
  pages     = {9--13},
  publisher = {RWTH Aachen University},
  address   = {Aachen, Germany},
}

@inproceedings{fan_hierarchical_2018,
	address = {New Orleans, LA, USA},
	title = {Hierarchical {Neural} {Story} {Generation}},
	url = {https://aclweb.org/anthology/P18-1082},
	language = {en},
	booktitle = {Proceedings of the 56th {Annual} {Meeting} of the {Association} for {Computational} {Linguistics} ({Volume} 1: {Long} {Papers})},
	author = {Fan, Angela and Lewis, Mike and Dauphin, Yann},
	month = jun,
	year = {2018},
	note = {arXiv: 1805.04833},
}

@inproceedings{xu_skeleton-based_2018,
	address = {Brussels, Belgium},
	title = {A {Skeleton}-{Based} {Model} for {Promoting} {Coherence} {Among} {Sentences} in {Narrative} {Story} {Generation}},
	url = {http://arxiv.org/abs/1808.06945},
	booktitle = {{EMNLP}},
	author = {Xu, Jingjing and Zhang, Yi and Zeng, Qi and Ren, Xuancheng and Cai, Xiaoyan and Sun, Xu},
	month = nov,
	year = {2018},
	note = {arXiv: 1808.06945},
}

@inproceedings{clark_neural_2018,
	address = {New Orleans, Louisiana},
	title = {Neural {Text} {Generation} in {Stories} {Using} {Entity} {Representations} as {Context}},
	url = {http://aclweb.org/anthology/N18-1204},
	doi = {10.18653/v1/N18-1204},
	language = {en},
	booktitle = {Proceedings of NAACL-HLT},
	publisher = {Association for Computational Linguistics},
	author = {Clark, Elizabeth and Ji, Yangfeng and Smith, Noah A.},
	month = jun,
	year = {2018},
	pages = {2250--2260},
}


@inproceedings{tu_generating_2019,
	address = {Hong Kong},
	title = {Generating {Diverse} {Story} {Continuations} with {Controllable} {Semantics}},
	url = {http://arxiv.org/abs/1909.13434},
	booktitle = {3rd {Workshop} on {Neural} {Generation} and {Translation} ({WNGT} 2019)},
	author = {Tu, Lifu and Ding, Xiaoan and Yu, Dong and Gimpel, Kevin},
	month = nov,
	year = {2019},
	note = {arXiv: 1909.13434},
}

@inproceedings{ammanabrolu_guided_2019,
	address = {Florence, Italy},
	title = {Guided {Neural} {Language} {Generation} for {Automated} {Storytelling}},
	doi = {10.18653/v1/W19-3405},
	booktitle = {Proceedings of the {Second} {Workshop} on {Storytelling}},
	publisher = {Association for Computational Linguistics},
	author = {Ammanabrolu, Prithviraj and Tien, Ethan and Cheung, Wesley and Luo, Zhaochen and Ma, William and Martin, Lara and Riedl, Mark},
	month = aug,
	year = {2019},
	pages = {46--55},
}

@inproceedings{peng_towards_2018,
	address = {New Orleans, Louisiana},
	title = {Towards {Controllable} {Story} {Generation}},
	url = {https://www.aclweb.org/anthology/W18-1505},
	doi = {10.18653/v1/W18-1505},
	booktitle = {Proceedings of the {First} {Workshop} on {Storytelling}},
	publisher = {Association for Computational Linguistics},
	author = {Peng, Nanyun and Ghazvininejad, Marjan and May, Jonathan and Knight, Kevin},
	month = jun,
	year = {2018},
	pages = {43--49},
}

@inproceedings{fan_strategies_2019,
	address = {Florence, Italy},
	title = {Strategies for {Structuring} {Story} {Generation}},
	doi = {10.18653/v1/P19-1254},
	booktitle = {Proceedings of the 57th {Annual} {Meeting} of the {Association} for {Computational} {Linguistics}},
	publisher = {Association for Computational Linguistics},
	author = {Fan, Angela and Lewis, Mike and Dauphin, Yann},
	month = jul,
	year = {2019},
	pages = {2650--2660},
}

@inproceedings{rocstories,
    title = "{LSDS}em 2017 Shared Task: The Story Cloze Test",
    author = "Mostafazadeh, Nasrin  and
      Roth, Michael  and
      Louis, Annie  and
      Chambers, Nathanael  and
      Allen, James",
    booktitle = "Proceedings of the 2nd Workshop on Linking Models of Lexical, Sentential and Discourse-level Semantics",
    month = apr,
    year = "2017",
    address = "Valencia, Spain",
    publisher = "Association for Computational Linguistics",
    url = "https://www.aclweb.org/anthology/W17-0906",
    doi = "10.18653/v1/W17-0906",
    pages = "46--51",
}

@inproceedings{lin-2004-rouge,
    title = "{ROUGE}: A Package for Automatic Evaluation of Summaries",
    author = "Lin, Chin-Yew",
    booktitle = "Text Summarization Branches Out",
    month = jul,
    year = "2004",
    address = "Barcelona, Spain",
    publisher = "Association for Computational Linguistics",
    url = "https://www.aclweb.org/anthology/W04-1013",
    pages = "74--81",
}

@inproceedings{Zhang*2020BERTScore:,
title={BERTScore: Evaluating Text Generation with BERT},
author={Tianyi Zhang* and Varsha Kishore* and Felix Wu* and Kilian Q. Weinberger and Yoav Artzi},
booktitle={International Conference on Learning Representations},
year={2020},
url={https://openreview.net/forum?id=SkeHuCVFDr}
}

@InProceedings{movieplotdataset,
author = {Sudipta Kar and Suraj Maharjan and A. Pastor López-Monroy and Thamar Solorio},
title = {{MPST}: A Corpus of Movie Plot Synopses with Tags},
booktitle = {Proceedings of the Eleventh International Conference on Language Resources and Evaluation (LREC 2018)},
year = {2018},
month = {May},
date = {7-12},
location = {Miyazaki, Japan},
editor = {Nicoletta Calzolari (Conference chair) and Khalid Choukri and Christopher Cieri and Thierry Declerck and Sara Goggi and Koiti Hasida and Hitoshi Isahara and Bente Maegaard and Joseph Mariani and Hélène Mazo and Asuncion Moreno and Jan Odijk and Stelios Piperidis and Takenobu Tokunaga},
publisher = {European Language Resources Association (ELRA)},
address = {Paris, France},
isbn = {979-10-95546-00-9},
language = {english}
}


@misc{wikidataset,
title = {Wikipedia Movie Plots},
url={https://www.kaggle.com/jrobischon/wikipedia-movie-plots},
publisher={Kaggle},
author={Justin Robischon},
year={2018}
}

@inproceedings{theaitre,
  author    = {Rudolf Rosa and Ondřej Dušek and Tom Kocmi and David Mareček and Tomáš Musil and Patrícia Schmidtová and Dominik Jurko and Ondřej Bojar and Daniel Hrbek and David Košťák and Martina Kinská and Josef Doležal and Klára Vosecká},
  year      = 2020,
  title     = {THEaiTRE: Artificial Intelligence to Write a Theatre Play},
  booktitle = {Proceedings of AI4Narratives — Workshop on Artificial Intelligence for Narratives},
  pages     = {9--13},
  publisher = {RWTH Aachen University},
  address   = {Aachen, Germany},
}

@InProceedings{xsum-emnlp,
  author =      "Shashi Narayan and Shay B. Cohen and Mirella Lapata",
  title =       "Don't Give Me the Details, Just the Summary! {T}opic-Aware Convolutional Neural Networks for Extreme Summarization",
  booktitle =   "Proceedings of the 2018 Conference on Empirical Methods in Natural Language Processing ",
  year =        "2018",
  address =     "Brussels, Belgium",
}

@inproceedings{nallapati-etal-2016-abstractive,
    title = "Abstractive Text Summarization using Sequence-to-sequence {RNN}s and Beyond",
    author = "Nallapati, Ramesh  and
      Zhou, Bowen  and
      dos Santos, Cicero  and
      Gu̇l{\c{c}}ehre, {\c{C}}a{\u{g}}lar  and
      Xiang, Bing",
    booktitle = "Proceedings of The 20th {SIGNLL} Conference on Computational Natural Language Learning",
    month = aug,
    year = "2016",
    address = "Berlin, Germany",
    publisher = "Association for Computational Linguistics",
    url = "https://www.aclweb.org/anthology/K16-1028",
    doi = "10.18653/v1/K16-1028",
    pages = "280--290",
}

@misc{zhang2019pegasus,
    title={PEGASUS: Pre-training with Extracted Gap-sentences for Abstractive Summarization},
    author={Jingqing Zhang and Yao Zhao and Mohammad Saleh and Peter J. Liu},
    year={2019},
    eprint={1912.08777},
    archivePrefix={arXiv},
    primaryClass={cs.CL}
}

@article{distilbart,
  author    = {Sam Shleifer and
               Alexander M. Rush},
  title     = {Pre-trained Summarization Distillation},
  journal   = {CoRR},
  volume    = {abs/2010.13002},
  year      = {2020},
  url       = {https://arxiv.org/abs/2010.13002},
  archivePrefix = {arXiv},
  eprint    = {2010.13002},
  timestamp = {Mon, 02 Nov 2020 18:17:09 +0100},
  biburl    = {https://dblp.org/rec/journals/corr/abs-2010-13002.bib},
  bibsource = {dblp computer science bibliography, https://dblp.org}
}

@article{radford2019language,
  title={Language Models are Unsupervised Multitask Learners},
  author={Radford, Alec and Wu, Jeff and Child, Rewon and Luan, David and Amodei, Dario and Sutskever, Ilya},
  year={2019}
}



@article{bart2019,
  author    = {Mike Lewis and
               Yinhan Liu and
               Naman Goyal and
               Marjan Ghazvininejad and
               Abdelrahman Mohamed and
               Omer Levy and
               Veselin Stoyanov and
               Luke Zettlemoyer},
  title     = {{BART:} Denoising Sequence-to-Sequence Pre-training for Natural Language
               Generation, Translation, and Comprehension},
  journal   = {CoRR},
  volume    = {abs/1910.13461},
  year      = {2019},
  url       = {http://arxiv.org/abs/1910.13461},
  archivePrefix = {arXiv},
  eprint    = {1910.13461},
  timestamp = {Thu, 31 Oct 2019 14:02:26 +0100},
  biburl    = {https://dblp.org/rec/journals/corr/abs-1910-13461.bib},
  bibsource = {dblp computer science bibliography, https://dblp.org}
}

